%  My general bibliography file
%  

@article{tbd-variability,
 author = {Tonhauser, Judith and David Beaver and Judith Degen},
 title = {How projective is projective content? {G}radience in projectivity and at-issueness},
 journal = {Journal of Semantics}, 
 volume = 35,
 pages = {495-542},
 doi = {10.1093/jos/ffy007},
 year = {2018}
}

@article{buring_kriz_2013,
  title={It's that, and that's it! {E}xhaustivity and homogeneity presuppositions in clefts (and definites)},
  author={Daniel B\"uring and Manuel Kri\u{z}},
  journal={Semantics and Pragmatics},
  volume={6},
  number={6},
  pages={1--29},
  year={2013},
  doi={10.3765/sp.6.6 }
}

@article{delin_oberlander_1995,
  title={{Syntactic Constraints on Discourse Structure: the Case of \textit{It}-clefts}},
  author={Delin, Judy and Oberlander, Jon},
  journal={Linguistics},
  volume={33},
  number={3},
  year={1995},
  publisher={De Gruyter},
  pages={465--500},
  doi = {10.1515/ling.1995.33.3.465}
}

@inproceedings{delin_oberlander_1992,
  title={{Aspect-Switching and Subordination: the Role of \textit{It}-Clefts in Discourse}},
  author={Delin, Judy and Oberlander, Jon},
  booktitle={Proceedings of the Fourteenth International Conference on Computational Linguistics (COLING-92)},
  pages={281--287},
  year={1992},
  doi = {10.3115/992066.992113}
}

@article{destruel_velleman_2014,
  title={Refining contrast: {E}mpirical evidence from the {E}nglish \textit{it}-cleft},
  author={Destruel, Emilie and Velleman, Leah},
  journal={Empirical Issues in Syntax and Semantics},
  volume={10},
  pages={197--214},
  year={2014},
  url = {http://www.cssp.cnrs.fr/eiss10/}
}

@Incollection{destruel_et_al_2015,
author={Destruel, Emilie and Velleman, Daniel and Onea, Edgar and Bumford, Dylan and Xue, Jingyang and Beaver, David I.},
editor={Schwarz, Florian},
title={{A Cross-Linguistic Study of the Non-at-issueness of Exhaustive Inferences}},
booktitle={Experimental Perspectives on Presuppositions},
year={2015},
publisher={Springer},
pages={135--156},
address={Cham}
}

@inproceedings{deveaugh-geiss_et_al_2015,
	title = {{Contradicting (not-)at-issueness in exclusives and clefts: An empirical study}},
	author = {Joseph P. {De Veaugh-Geiss} and Malte Zimmermann and Edgar Onea and Anna-Christina Boell},
	booktitle = {Proceedings of SALT},
	volume = {25},
	year = {2015},
	pages = {373--393},
	doi = {10.3765/salt.v25i0.3054}
}

@article{deveaugh-geiss_et_al_2018b,
	title = {That's not quite it: {A}n experimental investigation of (non-)exhaustivity in clefts},
	author = {Joseph P. {De Veaugh-Geiss} and Swantje T{\"o}nnis and Edgar Onea and Malte Zimmermann},
	journal = {Semantics and Pragmatics},
	volume = {11},
	year = {2018},
	doi = {10.3765/sp.11.3}
}

@article{gundel_et_al_1993,
  title={{Cognitive Status and the Form of Referring Expressions in Discourse}},
  author={Gundel, Jeanette K and Hedberg, Nancy and Zacharski, Ron},
  journal={Language},
  pages={274--307},
  volume={69},
  number={2},
  year={1993},
  publisher={JSTOR},
  doi ={10.2307/416535}
}

@phdthesis{hedberg_1990,
  type={{PhD thesis}}, 
  title={{Discourse Pragmatics and Cleft Sentences in English}},
  author={Hedberg, Nancy},
  year={1990},
  school={University of Minnesota},
  doi = {10.13140/RG.2.2.17499.52009}
}

@inproceedings{horn_1981,
  title={Exhaustiveness and the semantics of clefts},
  author={Horn, Laurence},
  booktitle={Proceedings of NELS},
  volume={11},
  pages={125--142},
  year={1981},
  url = {https://scholarworks.umass.edu/nels/vol11/iss1/10 }
}

@article{kehler_rohde_2017,
  title={Evaluating an expectation-driven question-under-discussion model of discourse interpretation},
  author={Kehler, Andrew and Rohde, Hannah},
  journal={Discourse Processes},
  volume={54},
  number={3},
  pages={219--238},
  year={2017},
  publisher={Taylor \& Francis},
  doi = {10.1080/0163853X.2016.1169069}
}


@book{onea_2016,
  title={{Potential Questions at the Semantics-Pragmatics Interface}},
  author={Onea, Edgar},
  editor={Klaus von Heusinger and Ken Turner},
  series={{Current Research in the Semantics/Pragmatics Interface}},
  volume= {33},
  year={2016},
  publisher={Brill},
  address={Leiden, Boston},
  doi = {10.1163/9789004217935}
}

@phdthesis{pavlovic_2019,
  type={{PhD thesis}},  
  title={{The Interpretation of it-Clefts}},
  author={Anna-Christina Pavlovi{\'c}},
  school={Georg-August-Universit{\"a}t G{\"o}ttingen},
  year={2019},
  doi = {10.53846/goediss-7785}
}

@inproceedings{percus_1997,
  title={{Prying Open the Cleft}},
  author={Percus, Orin},
  booktitle={Proceedings of NELS},
  volume={27},
  pages={337--352},
  year={1997},
  organization={University of Massachusetts},
  url = {https://scholarworks.umass.edu/nels/vol27/iss1/25 }
}

@article{prince_1978,
  title={A comparison of \textit{wh}-clefts and \textit{it}-clefts in discourse},
  author={Prince, Ellen F.},
  journal={Language},
  volume={54},
  number={4},
  pages={883--906},
  year={1978},
  publisher={JSTOR},
  doi = {10.2307/413238}
}

@article{repp_2010,
  title={Defining `contrast' as an information-structural notion in grammar},
  author={Repp, Sophie},
  journal={Lingua},
  volume={120},
  number={6},
  pages={1333--1345},
  year={2010},
  publisher={Elsevier},
  doi = {10.1016/j.lingua.2009.04.006}
}

@article{roberts_2012,
  title={{Information Structure in Discourse: Towards an Integrated Formal Theory of Pragmatics}},
  author={Roberts, Craige},
  journal={Semantics and Pragmatics},
  volume={5},
  Number = {6},
  pages={1--69},
  year={2012},
  doi={10.3765/sp.5.6}
}

@book{rochemont_1986,
  title={Focus in generative grammar},
  author={Rochemont, Michael},
  series={Studies in Generative Linguistic Analysis},
  pages={1--231},
  year={1986},
  publisher={John Benjamins},
  address={Amsterdam},
  doi = {10.1075/sigla.4}
}

@InProceedings{tonnis_2022,
author="T{\"o}nnis, Swantje",
editor="{\"O}zg{\"u}n, Ayb{\"u}ke
and Zinova, Yulia",
title="It is not the Obvious Question that a Cleft Addresses",
booktitle="Language, Logic, and Computation",
year="2022",
publisher="Springer International Publishing",
address="Cham",
pages="128--147",
doi = {10.1007/978-3-030-98479-3_7}
}

@phdthesis{tonnis_2021,
  title={{German \textit{es}-Clefts in Discourse. A Question-Based Analysis Involving Expectedness}},
  type={{PhD thesis}},
  author={T\"onnis, Swantje},
  year={2021},
  school={Graz University},
  url = {http://swantje-toennis.github.io/files/toennis_2021_dissertation.pdf}
}

@inproceedings{van_der_klis_et_al_2017,
    title = "Mapping the Perfect via Translation Mining",
    author = {van der Klis, Martijn  and
      Le Bruyn, Bert  and
      de Swart, Henri{\"e}tte},
    booktitle = "Proceedings of the 15th Conference of the {E}uropean Chapter of the Association for Computational Linguistics: Volume 2, Short Papers",
    year = "2017",
    address = "Valencia, Spain",
    publisher = "Association for Computational Linguistics",
    pages = "497--502",
    url = "https://aclanthology.org/E17-2080",
}

@inproceedings{velleman_et_al_2012,
  title={\textit{It}-clefts are {IT} (inquiry terminating) constructions},
  author={Velleman, Leah and Beaver, David I. and Destruel, Emilie and Bumford, Dylan and Onea, Edgar and Coppock, Liz},
  booktitle={Proceedings of SALT},
  volume={22},
  pages={441--460},
  year={2012},
  doi = {10.3765/salt.v22i0.2640}
}

@article{zimmermann_2011b,
  title={{The grammatical expression of focus in West Chadic: Variation and uniformity in and across languages}},
  author={Zimmermann, Malte},
  journal={Linguistics},
  volume={49},
  number={5},
  pages={1163--1213},
  year={2011},
  publisher={De Gruyter},
  doi = {10.1515/ling.2011.032}
}