%  My general bibliography file
%  

@article{abrusan_szendroi_2013,
  title={{Experimenting with the King of France: Topics, verifiability and definite descriptions}},
  author={Abrus{\'a}n, M{\'a}rta and Szendr{\H{o}}i, Kriszta},
  journal={Semantics and Pragmatics},
  volume={6},
  number={10},
  pages={1--43},
  year={2013}
}

@inproceedings{afantenos_asher_2010,
  title={{Testing SDRT's right frontier}},
  author={Afantenos, Stergos D. and Asher, Nicholas},
  booktitle={Proceedings of the 23rd International Conference on computational linguistics},
  pages={1--9},
  year={2010},
  organization={Association for Computational Linguistics}
}

@article{akmajian_1970,
  title={On deriving cleft sentences from pseudo-cleft sentences},
  author={Akmajian, Adrian},
  journal={Linguistic Inquiry},
  volume={1},
  number={2},
  pages={149--168},
  year={1970},
  publisher={JSTOR}
}

@article{alter_et_al_2001,
  title={Kontrastprosodie in {S}prachproduktion und -perzeption},
  author={Alter, Kai and Mleinek, Ina and Rohe, Tobias and Steube, Anita and Umbach, Carla},
  journal={Linguistische Arbeitsberichte},
  volume={77},
  pages={59--79},
  year={2001}
}

@incollection{ariel_2001,
  title={{Accessibility theory: An overview}},
  author={Ariel, Mira},
  booktitle={Text representation: Linguistic and psycholinguistic aspects},
  pages={29--87},
  chapter={2},
  publisher={John Benjamins},
  year={2001},
  address={Amsterdam, Philadelphia},
  editor={Ted Sanders and Joost Schilperoord and Wilbert Spooren}
}

@book{asher_lascarides_2003,
  title={{Logics of Conversation}},
  author={Asher, Nicholas and Lascarides, Alex},
  year={2003},
  publisher={Cambridge University Press},
  address={Cambridge},
  series={Studies in Natural Language Processing}
}

@incollection{atlas_levinson_1981,
  title={It-clefts, informativeness and logical form: Radical pragmatics (revised standard version)},
  author={Atlas, Jay David and Levinson, Stephen C},
  booktitle={Radical Pragmatics},
  pages={1--62},
  year={1981},
  address={New York},
  publisher={Academic Press}
}

@book{beaver_clark_2008,
  title={{Sense and Sensitivity: How Focus Determines Meaning}},
  author={Beaver, David I. and Clark, Brady Z.},
  series={{Explorations in Semantics}},
  volume={5},
  editor={Susan Rothstein},
  year={2008},
  publisher={Wiley-Blackwell}
}

@article{beck_rullmann_1999,
  title={A flexible approach to exhaustivity in questions},
  author={Beck, Sigrid and Rullmann, Hotze},
  journal={Natural Language Semantics},
  volume={7},
  number={3},
  pages={249--298},
  year={1999},
  publisher={Springer}
}

@article{benz_jasinskaja_2017,
author = {Anton Benz and Katja Jasinskaja},
title = {{Questions Under Discussion: From Sentence to Discourse}},
journal = {Discourse Processes},
volume = {54},
number = {3},
pages = {177-186},
year  = {2017},
publisher = {Routledge},
doi = {10.1080/0163853X.2017.1316038}
}

@book{berg_2016,
  title={{Die Schattenbucht}},
  author={Eric Berg},
  year={2016},
  publisher={Limes},
  address={M{\"u}nchen}
}  

@inproceedings{biezma_rawlins_2017,
  title={{Rhetorical questions: Severing asking from questioning}},
  author={Biezma, Mar{\'\i}a and Rawlins, Kyle},
  booktitle={Proceedings of SALT},
  volume={27},
  pages={302--322},
  editor={Dan Burgdorf and Jacob Collard and Sireemas Maspong and Brynhildur Stef{\'a}nsd{\'o}ttir},
  year={2017}
}

@incollection{bolinger_1972,
  title={A look at equations and cleft sentences},
  author={Bolinger, Dwight L.},
  booktitle={Studies for Einar Haugen: Presented by Friends and Colleagues},
  pages={96--114},
  address={The Hague},
  editor={Evelyn S. Firchow},
  publisher={De Gruyter},
  year={1972}
}

@article{bolinger_1958,
  title={{A Theory of Pitch Accent in English}},
  author={Bolinger, Dwight L.},
  journal={Word},
  volume={14},
  number={2--3},
  pages={109--149},
  year={1958},
  publisher={Taylor \& Francis}
}

@article{brandtler_2019,
  title={{The question of form in the forming of questions: The meaning and use of clefted \textit{wh}-interrogatives in Swedish}},
  author={Brandtler, Johan},
  journal={Journal of Linguistics},
  volume={55},
  number={4},
  pages={755--794},
  year={2019},
  publisher={Cambridge University Press}
}

@article{buring_hartmann_2001,
  title={{The Syntax and Semantics of Focus-Sensitive Particles in German}},
  author={B{\"u}ring, Daniel and Hartmann, Katharina},
  journal={Natural Language \& Linguistic Theory},
  volume={19},
  number={2},
  pages={229--281},
  year={2001},
  publisher={Springer}
}

@article{buring_kriz_2013,
  title={It's that, and that's it! {E}xhaustivity and homogeneity presuppositions in clefts (and definites)},
  author={Daniel B\"uring and Manuel Kri\u{z}},
  journal={Semantics and Pragmatics},
  volume={6},
  number={6},
  pages={1--29},
  year={2013}
}

@incollection{buring_2007,
      author = {Daniel B\"uring},
      title = {{Semantics, Intonation, and Information Structure}},
  booktitle    = {The Oxford Handbook of Linguistic Interfaces},
  publisher    = {Oxford University Press},
  year         = {2007},
  editor       = {Gillian Ramchand and Charles Reiss},
  pages        = {445-474},
  address      = {Oxford}
}

@article{buring_2003,
  title={{On D-trees, beans, and B-accents}},
  author={B{\"u}ring, Daniel},
  journal={Linguistics and Philosophy},
  volume={26},
  number={5},
  pages={511--545},
  year={2003},
  publisher={Springer}
}

@inproceedings{buring_1998,
  title={{Identity, Modality, and the Candidate Behind the Wall}},
  author={B{\"u}ring, Daniel},
  booktitle={Semantics and Linguistic Theory},
  volume={8},
  pages={36--54},
  year={1998}
}

@inproceedings{caponigro_sprouse_2007,
  title={Rhetorical questions as questions},
  author={Caponigro, Ivano and Sprouse, Jon},
  booktitle={Proceedings of Sinn und Bedeutung},
  volume={11},
  editor={Estela Puig-Waldm\"uller},
  pages={121--133},
  year={2007}
}

@phdthesis{carlson_1982,
  title={{Dialogue Games: An Approach to Discourse Analysis}},
  type={{PhD thesis}},
  author={Carlson, Lauri},
  school={MIT},
  year={1982}
}

@incollection{carter-thomas_2009,
  title={{The French c'est-cleft: Function and frequency}},
  author={Carter-Thomas, Shirley},
  Booktitle={La linguistique syst{\'e}mique fonctionnelle et la langue fran{\c{c}}aise},
  Editor = {David Banks},
  pages={127--157},
  year={2009},
  publisher={L'Harmattan},
  address = {Paris}
}

@phdthesis{cheng_1991,
  title={{On the Typology of Wh-Questions}},
  type={{PhD thesis}},
  author={Cheng, Lisa L.S.},
  year={1991},
  school={MIT}
}

@book{chomsky_1982,
  title={{Some Concepts and Consequences of the Theory of Government and Binding}},
  author={Chomsky, Noam},
  year={1982},
  address={Cambridge, MA},
  publisher={MIT press}
}

@article{ciardelli_et_al_2013,
  title={{Inquisitive Semantics: A New Notion of Meaning}},
  author={Ciardelli, Ivano and Groenendijk, Jeroen A. G. and Roelofsen, Floris},
  journal={Language and Linguistics Compass},
  volume={7},
  number={9},
  pages={459--476},
  year={2013},
  publisher={John Wiley \& Sons}
}

@incollection{ciardelli_2014,
  title={{Interrogative Dependencies and the Constructive Content of Inquisitive Proofs}},
  author={Ciardelli, Ivano},
  booktitle={Logic, Language, Information, and Computation. WoLLIC 2014. Lecture Notes in Computer Science},
  pages={109--123},
  year={2014},
  volume={8652},
  editor={U. Kohlenbach and P. Barcel√≥ and R. de Queiroz},
  address={Berlin, Heidelberg},
  publisher={Springer},
  doi={https://doi.org/10.1007/978-3-662-44145-9_8}
}

@article{cohen_krifka_2014,
  title={Superlative quantifiers and meta-speech acts},
  author={Cohen, Ariel and Krifka, Manfred},
  journal={Linguistics and Philosophy},
  volume={37},
  number={1},
  pages={41--90},
  year={2014},
  publisher={Springer}
}

@article{collins_1991,
  title={{Pseudocleft and cleft constructions: A thematic and informational interpretation}},
  author={Collins, Peter Craig},
  journal={Linguistics},
  volume={29},
  number={3},
  pages={481--520},
  year={1991}
}

@inproceedings{coppock_beaver_2011,
  title={Sole sisters},
  author={Coppock, Elizabeth and Beaver, David I.},
  booktitle={Proceedings of SALT},
  volume={21},
  pages={197--217},
  year={2011}
}

@article{cremers_chemla_2016,
  title={{A Psycholinguistic Study of the Exhaustive Readings of Embedded Questions}},
  author={Cremers, Alexandre and Chemla, Emmanuel},
  journal={Journal of Semantics},
  volume={33},
  number={1},
  pages={49--85},
  year={2016},
  publisher={Oxford University Press}
}

@inproceedings{csipak_zobel_2014,
  title={A condition on the distribution of discourse particles across types of questions},
  author={Csipak, Eva and Zobel, Sarah},
  booktitle={Proceedings of NELS},
  volume={44},
  number={1},
  pages={83--94},
  year={2014}
}

@phdthesis{delin_1990,
  type={{PhD thesis}}, 
  title={{Cleft Constructions in Discourse}},
  author={Delin, Judith Lesley},
  year={1990},
  school={University of Edinburgh}
}

@article{delin_oberlander_1995,
  title={{Syntactic Constraints on Discourse Structure: the Case of \textit{It}-clefts}},
  author={Delin, Judy and Oberlander, Jon},
  journal={Linguistics},
  volume={33},
  number={3},
  year={1995},
  publisher={De Gruyter},
  pages={465--500}
}

@inproceedings{delin_oberlander_1992,
  title={{Aspect-Switching and Subordination: the Role of \textit{It}-Clefts in Discourse}},
  author={Delin, Judy and Oberlander, Jon},
  booktitle={Proceedings of the Fourteenth International Conference on Computational Linguistics (COLING-92)},
  pages={281--287},
  year={1992}
}

@incollection{den_besten_1983,
  title={On the interaction of root transformations and lexical deletive rules},
  author={den Besten, Hans},
  booktitle={On the formal syntax of the Westgermania},
  publisher={John Benjamins},
  Editor = {Abraham, Werner},
  address={Amsterdam, Philadelphia},
  pages={47--131},
  year={1983}
}

@phdthesis{destruel_2013,
  title={{The French \textit{C'est}-cleft: Empirical studies of its meaning and use}},
  type={{PhD thesis}},
  author={Destruel, Emilie},
  year={2013},
  school={The University of Texas}
}

@article{destruel_velleman_2014,
  title={Refining contrast: {E}mpirical evidence from the {E}nglish \textit{it}-cleft},
  author={Destruel, Emilie and Velleman, Leah},
  journal={Empirical Issues in Syntax and Semantics},
  volume={10},
  pages={197--214},
  year={2014}
}

@Incollection{destruel_et_al_2015,
author={Destruel, Emilie and Velleman, Leah and Onea, Edgar and Bumford, Dylan and Xue, Jingyang and Beaver, David I.},
editor={Schwarz, Florian},
title={{A Cross-Linguistic Study of the Non-at-issueness of Exhaustive Inferences}},
booktitle={Experimental Perspectives on Presuppositions},
year={2015},
publisher={Springer},
pages={135--156},
address={Cham}
}

@inproceedings{destruel_et_al_2018,
  title={{Clefts: Quite the contrary!}},
  author={Destruel, Emilie and Beaver, David I. and Coppock, Elizabeth},
  booktitle={Proceedings of Sinn und Bedeutung},
  volume={21},
  number={1},
  pages={335--346},
  year={2018}
}

@article{destruel_et_al_2019,
  title={{It's Not What You Expected! The Surprising Nature of Cleft Alternatives in French and English}},
  author={Destruel, Emilie and Beaver, David I. and Coppock, Elizabeth},
  journal={Frontiers in Psychology},
  volume={10},
  article={1400},
  pages={1--16},
  year={2019},
  publisher={Frontiers}
}

@article{deveaugh-geiss_et_al_2015,
	title = {{Contradicting (not-)at-issueness in exclusives and clefts: An empirical study}},
	author = {Joseph P. {De Veaugh-Geiss} and Malte Zimmermann and Edgar Onea and Anna-Christina Boell},
	journal = {Semantics and Linguistic Theory},
	volume = {25},
	year = {2015},
	pages = {373--393}
}

@inproceedings{deveaugh-geiss_et_al_2018a,
  title={An experimental investigation of (non-)exhaustivity in \textit{es}-clefts},
  author={Joseph P. {De Veaugh-Geiss} and Swantje T{\"o}nnis and Edgar Onea and Malte Zimmermann},
  booktitle={Proceedings of Sinn und Bedeutung},
  volume={21},
  pages={347--366},
  year={2018}
}

@article{deveaugh-geiss_et_al_2018b,
	title = {That's not quite it: {A}n experimental investigation of (non-)exhaustivity in clefts},
	author = {Joseph P. {De Veaugh-Geiss} and Swantje T{\"o}nnis and Edgar Onea and Malte Zimmermann},
	journal = {Semantics and Pragmatics},
	volume = {11},
	year = {2018}
}

@incollection{doetjes_et_al_2004,
  title={Cleft sentences},
  author={Doetjes, Jenny and Rebuschi, Georges and Rialland, Annie},
  booktitle={Handbook of French Semantics},
  pages={529--552},
  chapter={23},
  year={2004},
  editor={Francis Corblin and Henri\"ette de Swart},
  publisher={CSLI Publications},
  address= {Stanford, CA}
}

@article{drenhaus_et_al_2011,
title = "Exhaustiveness effects in clefts are not truth-functional",
journal = "Journal of Neurolinguistics",
volume = "24",
number = "3",
pages = "320--337",
year = "2011",
issn = "0911-6044",
doi = "https://doi.org/10.1016/j.jneuroling.2010.10.004",
url = "http://www.sciencedirect.com/science/article/pii/S0911604410001004",
author = "Heiner Drenhaus and Malte Zimmermann and Shravan Vasishth",
}

@incollection{dufter_2009,
  title={{Clefting and discourse organization. Comparing Germanic and Romance}},
  author={Dufter, Andreas},
  booktitle={Focus and Background in Romance Languages},
  pages={83--121},
  year={2009},
  publisher={John Benjamins},
  editor={Andreas Dufter and Daniel Jacob},
  address={Amsterdam}
} 

@book{eckardt_2014,
  title={{The Semantics of Free Indirect Discourse: How Texts Allow Us to Mind-read and Eavesdrop}},
  author={Eckardt, Regine},
  year={2014},
  series={{Current Research in the Semantics/Pragmatics Interface}},
  volume={31},
  publisher={Brill},
  address={Leiden}
}


@phdthesis{faller_2002,
  type={{PhD thesis}}, 
  title={{Semantics and Pragmatics of Evidentials in Cuzco Quechua}},
  author={Faller, Martina},
  year={2002},
  school={Stanford University}
}

@article{farkas_bruce_2010,
  title={{On Reacting to Assertions and Polar Questions}},
  author={Farkas, Donka F. and Bruce, Kim B.},
  journal={Journal of Semantics},
  volume={27},
  number={1},
  pages={81--118},
  year={2010},
  publisher={Oxford University Press}
}

@incollection{fery_2001,
	Author = {F{\'e}ry, Caroline},
	Booktitle = {Audiatur Vox Sapientia. A Festschrift for Arnim von Stechow},
	Editor = {Caroline F{\'e}ry and Wolfgang Sternefeld},
	Keywords = {questions},
	Pages = {153--181},
	Publisher = {Akademie Verlag},
	address={Berlin},
	Title = {{Focus and phrasing in French}},
	Year = {2001}
	}

@article{filippova_strube_2007,
  title={{The German Vorfeld and Local Coherence}},
  author={Filippova, Katja and Strube, Michael},
  journal={Journal of Logic, Language and Information},
  volume={16},
  number={4},
  pages={465--485},
  year={2007},
  publisher={Springer}
}

@incollection{von_Fintel_2004,
  title={{Would You Believe It? The King of France is back! (Presuppositions and Truth-Value Intuitions)}},
  booktitle={Descriptions and Beyond: An Interdisciplinary Collection of Essays on Definite andIindefinite Descriptions and other Related Phenomena},
  author="{\noopsort{Fintel}}{von Fintel}, Kai",
  editor={Anne Bezuidenhout and Marga Reimer},
  year={2004},
  pages={325--341},
  publisher={Oxford University Press}
}

@article{fischer_2009,
  title={{Cleft Sentences: Form, Function, and Translation}},
  author={Fischer, Klaus},
  journal={Journal of Germanic Linguistics},
  volume={21},
  number={2},
  pages={167--191},
  year={2009},
  publisher={Cambridge University Press}
}

@article{frey_2004,
  title={The grammar-pragmatics interface and the {G}erman prefield},
  author={Frey, Werner},
  journal={Sprache und Pragmatik},
  volume={52},
  year={2004},
  pages={1--39},
  publisher={Universit{\"a}t Lund. Germanistisches Institut}
}

@article{frey_2006,
  title={{Contrast and movement to the German prefield}},
  author={Frey, Werner},
  journal={{The architecture of Focus}},
  volume={{82: Studies in Generative Grammar}},
  year={2006},
  publisher={De Gruyter},
  editor={Val√©ria Moln√°r and Susanne Winkler},
  address={Berlin, New York},
  pages={235--265}
}

@article{fricke_et_al_2021,
  title={{The pragmatics of embedded questions. An experimental comparison of four verbs of embedding}},
  author={Lea M. Fricke and Dominique Blok and Malte Zimmermann and Edgar Onea},
  year={to appear}
  }

@incollection{fricke_tonnis_2018,
  title={{\textit{``Es ist dies''} -- A Special Use of German Prefield-\textit{es}}},
  author={Fricke, Lea M. and T{\"o}nnis, Swantje},
  booktitle={Grammar and Corpora 2016},
  editor={Eric Fu{\ss} and Marek Konopka and Beata Trawi{\'n}ski and Ulrich H. Wa{\ss}ner},
  publisher={Heidelberg University Publishing},
  journal={Grammar and Corpora},
  pages={221--230},
  year={2018}
}

@article{garro_paerker_1982,
  title={{Some suprasegmental characteristics of relative clauses in English}},
  author={Garro, Luisa and Parker, Frank},
  journal={Journal of Phonetics},
  volume={10},
  number={2},
  pages={149--161},
  year={1982},
  publisher={Elsevier}
}

@article{geurts_van_der_sandt_2004,
  title={Interpreting focus},
  author={Geurts, Bart and van der Sandt, Rob},
  journal={Theoretical Linguistics},
  volume={30},
  pages={1--44},
  year={2004},
  publisher={De Gruyter}
}

@book{ginzburg_2012,
  title={{The interactive Stance. Meaning for Conversation}},
  author={Ginzburg, Jonathan},
  year={2012},
  address={Oxford},
  publisher={Oxford University Press}
}

@inbook{grice_1975,
  author={Grice, H. Paul},
  title = {{Logic and Conversation}},
  booktitle={Speech Acts},
  year = "1975",
  publisher = "Brill",
  editor={Peter Cole and Jerry L. Morgan},
  address = "Leiden",
  doi = "https://doi.org/10.1163/9789004368811_003",
  pages={41--58}
}

@book{grice_1989,
  title={{Studies in the Way of Words}},
  author={Grice, H. Paul},
  year={1989},
  publisher={Harvard University Press},
  address={Cambridge, London}
}

@article{groenendijk_2015,
  title={{Then I don't know}},
  author={Groenendijk, Jeroen Antonius Gerardus},
  journal={Manuscript submitted at ILLC},
  year={2015}
}

@article{groenendijk_roelofsen_2009,
  title={{Inquisitive Semantics and Pragmatics}},
  author={Groenendijk, Jeroen Antonius Gerardus and Roelofsen, Floris},
  note={University of Amsterdam. Available online on \url{https://eprints.illc.uva.nl/348/}. Accessed 30 November 2020},
  year={2009}
}

@article{groenendijk_stokhof_1991,
  title={{Dynamic Predicate Logic}},
  author={Groenendijk, Jeroen A. G. and Stokhof, Martin Johan Bastiaan},
  journal={Linguistics and Philosophy},
  pages={39--100},
  volume={14},
  year={1991},
  publisher={JSTOR}
}

@phdthesis{groenendijk_stokhof_1984,
  type={{PhD thesis}}, 
  title={{Studies on the Semantics of Questions and the Pragmatics of Answers}},
  author={Groenendijk, Jeroen Antonius Gerardus and Stokhof, Martin Johan Bastiaan},
  year={1984},
  school={University of Amsterdam}
}

@incollection{grosz_2016,
  title={{Information Structure and Discourse Particles}},
  author={Grosz, Patrick G.},
  booktitle={The Oxford Handbook of Information Structure},
  year={2016},
  publisher = {Oxford University Press},
  editor={Caroline F\'{e}ry and Shinichiro Ishihara}
}

@article{grosz_et_al_1995,
  title={{Centering: A framework for modeling the local coherence of discourse}},
  author={Grosz, Barbara J. and Weinstein, Scott and Joshi, Aravind K.},
  journal={Computational linguistics},
  volume={21},
  number={2},
  pages={203--225},
  year={1995},
  publisher={MIT Press}
}

@phdthesis{grubic_2015,
  title={{Focus and Alternative Sensitivity in Ngamo (West-Chadic)}},
  type={{PhD thesis}},
  author={Grubic, Mira},
  year={2015},
  school={University of Potsdam}
}

@article{gundel_et_al_1993,
  title={{Cognitive Status and the Form of Referring Expressions in Discourse}},
  author={Gundel, Jeanette K and Hedberg, Nancy and Zacharski, Ron},
  journal={Language},
  pages={274--307},
  volume={69},
  number={2},
  year={1993},
  publisher={JSTOR}
}

@article{gundel_1985,
  title={{`Shared knowledge' and topicality}},
  author={Gundel, Jeanette K},
  journal={Journal of Pragmatics},
  volume={9},
  number={1},
  pages={83--107},
  year={1985},
  publisher={Elsevier}
}

@article{gundel_1977,
  title={{Where do Cleft Sentences Come from?}},
  author={Gundel, Jeanette K},
  journal={Language},
  volume={53},
  number={3},
  pages={543--559},
  year={1977},
  publisher={LSA}
}

@phdthesis{halvorsen_1978,
  type={{PhD thesis}},
  title={{The Syntax and Semantics of Cleft Constructions}},
  author={Halvorsen, P.-K.},
  school={University of Texas},
  year={1978}
}

@article{hamblin_1973,
  title={{Questions in Montague English}},
  author={Hamblin, Charles L},
  journal={Foundations of Language},
  volume={10},
  number={1},
  pages={41--53},
  year={1973}
}

@incollection{hamblin_1976,
title = "Qquestions in Montague English",
author = "Charles L. Hamblin",
editor = "Barbara H. Partee",
booktitle = "Montague Grammar",
publisher = "Academic Press",
pages = "247 - 259",
year = "1976",
doi = "https://doi.org/10.1016/B978-0-12-545850-4.50014-5",
url = "http://www.sciencedirect.com/science/article/pii/B9780125458504500145"
}

@incollection{hartmann_2008,
  title={{Focus and Emphasis in Tone and Intonational Languages}},
  author={Hartmann, Katharina},
  booktitle={The Discourse Potential of Underspecified Structures},
  pages={389--411},
  year={2008},
  address={Berlin},
  editor={Anita Steube},
  publisher={De Gruyter}
}

@incollection{hartmann_zimmermann_2007,
  author={Hartmann, Katharina and Zimmermann, Malte},
  title={In place-out of place? {F}ocus in {H}ausa},
  booktitle={On Information Structure, Meaning and Form: Generalizations across languages},
  Editor = {Schwabe, Kerstin and Winkler, Susanne},
  Publisher = {John Benjamins},
  address={Amsterdam, Philadelphia},
  pages={365--403},
  year={2007}
}

@article{hedberg_2000,
  title={{T}he {R}eferential {S}tatus of {C}lefts},
  author={Hedberg, Nancy},
  journal={Language},
  pages={891--920},
  volume={76},
  number={4},
  year={2000},
  publisher={LSA}
}

@phdthesis{hedberg_1990,
  type={{PhD thesis}}, 
  title={{Discourse Pragmatics and Cleft Sentences in English}},
  author={Hedberg, Nancy},
  year={1990},
  school={University of Minnesota}
}

@inproceedings{heim_1994,
  title={{Interrogative semantics and Karttunen's semantics for know}},
  author={Heim, Irene},
  booktitle={Proceedings of the Ninth Annual Conference and the Workshop on Discourse of the Israel
  Association for Theoretical Linguistics},
  volume={1},
  pages={128--144},
  year={1994}
}

@phdthesis{heim_1982,
  type={{PhD thesis}}, 
  title={{The Semantics of Definite and Indefinite Noun Phrases}},
  author={Heim, Irene R.},
  year={1982},
  school={University of Massachusetts}
}

@incollection{horn_2016,
  title={{Information Structure and the Landscape of (Non-)at-issue Meaning}},
  author={Horn, Laurence},
  booktitle={The Oxford Handbook of Information Structure},
  publisher={Oxford University Press},
  editor={F{\'e}ry, Caroline and Ishihara, Shinichiro},
  year={2016},
  pages={108--127}
}

@article{horn_1985,
  title={{Metalinguistic Negation and Pragmatic Ambiguity}},
  author={Horn, Laurence},
  journal={Language},
  pages={121--174},
  volume={61},
  number={1},
  year={1985},
  publisher={JSTOR}
}

@inproceedings{horn_1981,
  title={Exhaustiveness and the semantics of clefts},
  author={Horn, Laurence},
  booktitle={Proceedings of NELS},
  volume={11},
  pages={125--142},
  year={1981}
}

@phdthesis{horn_1972,
  type={{PhD thesis}},
  title={{On the semantic properties of logical operators in English}},
  author={Horn, Laurence},
  school= {University of California},
  year={1972}
}

@incollection{horvath_2017,
  title={{Pied-Piping}},
  author={Horvath, Julia},
  booktitle={{The Wiley Blackwell Companion to Syntax}},
  doi = {https://doi.org/10.1002/9781118358733.wbsyncom064},
  pages={1--64},
  year={2017},
  edition={Second},
  editor={Martin Everaert and Henk van Riemsdijk},
  publisher={Wiley-Blackwell}
}

@book{jespersen_1949,
  title={A modern English grammar on historical principles. Part VII},
  author={Jespersen, Otto},
  year={1949},
  address={London},
  publisher={Allen and Unwin}
}

@article{kamali_krifka_2020,
  title={{Focus and Contrastive Topic in Questions and Answers, with particular reference to Turkish}},
  author={Kamali, Beste and Krifka, Manfred},
  journal={Theoretical Linguistics},
  volume={46},
  number={1-2},
  pages={1--71},
  year={2020},
  publisher={De Gruyter}
}

@incollection{kamp_rohrer_1983,
  title={{Tense in Texts}},
  author={Kamp, Hans and Rohrer, Christian},
  booktitle={Meaning, Use and Interpretation of Language},
  year={1983},
  publisher={De Gruyter},
  address={Berlin, Boston},
  editor={Rainer B\"{a}uerle and Christoph Schwarze and Arnim von Stechow}
}

@article{karttunen_1977,
  title={{Syntax and Semantics of Questions}},
  author={Karttunen, Lauri},
  journal={Linguistics and Philosophy},
  volume={1},
  number={1},
  pages={3--44},
  year={1977},
  publisher={Springer}
}

@article{kehler_rohde_2017,
  title={{Evaluating an Expectation-Driven Question-Under-Discussion Model of Discourse Interpretation}},
  author={Kehler, Andrew and Rohde, Hannah},
  journal={Discourse Processes},
  volume={54},
  number={3},
  pages={219--238},
  year={2017},
  publisher={Taylor \& Francis}
}

@article{e.kiss_1998,
  title={Identificational focus versus information focus},
  author={{\'E}. Kiss, Katalin},
  journal={Language},
  volume={74},
  number={2},
  pages={245--273},
  year={1998}
}

@incollection{klein_von_stechow_1982,
  title={{Intonation und Bedeutung von Fokus. Arbeitspapier des SFB 99}},
  author={Klein, Wolfgang and von Stechow, Arnim},
  year={1982},
  publisher={Universit\"at Konstanz}
}

@article{klein_von_stutterheim_1987,
  title={{Quaestio und referentielle Bewegung in Erz{\"a}hlungen}},
  author={Klein, Wolfgang and von Stutterheim, Christiane},
  journal={Linguistische Berichte},
  volume={109},
  pages={163--183},
  year={1987}
}

@article{klinedinst_rothschild_2011,
  title={Exhaustivity in questions with non-factives},
  author={Klinedinst, Nathan and Rothschild, Daniel},
  journal={Semantics and Pragmatics},
  volume={4},
  number={2},
  pages={1--23},
  year={2011}
}

@InCollection{kratzer_2020,
	author       =	{Kratzer, Angelika},
	title        =	{{Situations in Natural Language Semantics}},
	booktitle    =	{The {Stanford} Encyclopedia of Philosophy},
	editor       =	{Edward N. Zalta},
	howpublished =	{\url{https://plato.stanford.edu/archives/fall2020/entries/situations-semantics/}},
	year         =	{2020},
	edition      =	{Fall 2020},
	publisher    =	{Metaphysics Research Lab, Stanford University. Available on \url{https://plato.stanford.edu/archives/fall2020/entries/situations-semantics/}, accessed 01/14/2021}
}

@inproceedings{kratzer_1998,
  title={More structural analogies between pronouns and tenses},
  author={Kratzer, Angelika},
  booktitle={Proceedings of SALT},
  volume={8},
  pages={92--110},
  year={1998}
}

@inproceedings{krifka_2015,
  title={{Bias in Commitment Space Semantics: Declarative questions, negated quetions, and question tags}},
  author={Krifka, Manfred},
  booktitle={Proceedings of SALT},
  volume={25},
  pages={328--345},
  year={2015}
}

@inproceedings{krifka_2013,
  title={Response particles as propositional anaphors},
  author={Krifka, Manfred},
  booktitle={Proceedings of SALT},
  volume={23},
  pages={1--18},
  year={2013}
}

@incollection{krifka_2011,
  title={Questions},
  author={Krifka, Manfred},
  booktitle={{Semantics. An International Handbook of Natural Language Meaning}},
  volume={2},
  pages={1742--1784},
  publisher={De Gruyter},
  address={Berlin},
  chapter={66},
  editor={Klaus von Heusinger and Claudia Maienborn and Paul Portner},
  year={2011}
}

@article{krifka_2008,
  title={{Basic Notions of Information Structure}},
  author={Krifka, Manfred},
  journal={Acta Linguistica Hungarica},
  volume={55},
  number={3--4},
  pages={243--276},
  year={2008},
  publisher={Akad{\'e}miai Kiad{\'o}}
}

@incollection{krifka_2001b,
  title={For a structured account of questions and answers},
  author={Krifka, Manfred},
  pages={287--319},
  year={2001},
  Booktitle = {Audiatur Vox Sapientia. A Festschrift for Arnim von Stechow},
  Editor = {Caroline F{\'e}ry and Wolfgang Sternefeld},
  Publisher = {Akademie Verlag},
  address={Berlin}
}

@article{krifka_2001a,
  title={Quantifying into question acts},
  author={Krifka, Manfred},
  journal={Natural Language Semantics},
  volume={9},
  number={1},
  pages={1--40},
  year={2001},
  publisher={Springer}
}


@Inbook{krifka_1992,
author="Krifka, Manfred",
editor="Jacobs, Joachim",
title="A Compositional Semantics for Multiple Focus Constructions",
bookTitle="Informationsstruktur und Grammatik",
year="1992",
publisher="VS Verlag f{\"u}r Sozialwissenschaften",
address="Wiesbaden",
pages="17--53",
doi="10.1007/978-3-663-12176-3_2",
url="https://doi.org/10.1007/978-3-663-12176-3_2"
}
}

@incollection{krifka_musan_2012,
  title={{Information structure: Overview and linguistic issues}},
  author={Krifka, Manfred and Musan, Renate},
  booktitle={The Expression of Information Structure},
  volume={5},
  pages={1--43},
  year={2012},
  publisher={De Gruyter},
  address={Berlin},
  editor={Krifka, Manfred and Musan, Renate}
}

@article{kuppevelt_1996,
  title={{Inferring from topics: Scalar implicatures as topic-dependent inferences}},
  author= "{\noopsort{Kuppevelt}}{van Kuppevelt}, Jan",
  journal={Linguistics and philosophy},
  volume={19},
  number={4},
  pages={393--443},
  year={1996},
  publisher={Springer}
}

@article{kuppevelt_1995,
  title={{Discourse Structure, Topicality and Questioning}},
  author= "{\noopsort{Kuppevelt}}{van Kuppevelt}, Jan",
  journal={{Journal of Linguistics}},
  volume={31},
  number={1},
  pages={109--147},
  year={1995},
  publisher={Cambridge University Press}
}

@phdthesis{kuppevelt_1991,
  type={{PhD thesis}}, 
  title={{Topic en Comment: Expliciete en impliciete vraagstelling in discourse}},
  author= "{\noopsort{Kuppevelt}}{van Kuppevelt}, Jan",
  year={1991},
  school={Radboud University Nijmegen}
}

@article{lambrecht_2001,
  title={A framework for the analysis of cleft constructions},
  author={Lambrecht, Knud},
  journal={Linguistics},
  volume={39},
  number={3},
  pages={463--516},
  year={2001}
}

@article{lascarides_asher_1993,
  title={{Temporal Interpretation, Discourse Relations and Commonsense Entailment}},
  author={Lascarides, Alex and Asher, Nicholas},
  journal={Linguistics and Philosophy},
  volume={16},
  number={5},
  pages={437--493},
  year={1993},
  publisher={Springer}
}

@incollection{link_1983,
	title = {{The Logical Analysis of Plurals and Mass Terms: A Lattice-Theoretic Approach}},
	publisher = {Blackwell},
	pages = {127--147},
	year = {1983},
	booktitle = {Formal Semantics -- the Essential Readings},
	author = {Godehard Link},
	editor = {P. Portner and B. H. Partee}
}

@incollection{Ludlow_Segal_2004,
	pages = {420--437},
	author = {Peter Ludlow and Gabriel Segal},
	title = {{On a Unitary Semantical Analysis for Definite and Indefinite Descriptions}},
	publisher = {Oxford University Press},
	year = {2004},
	editor = {Marga Reimer and Anne Bezuidenhout},
	booktitle = {Descriptions and Beyond}
}

@article{manetta_2007,
  title={{Unexpected left dislocation: An English Corpus Study}},
  author={Manetta, Emily},
  journal={Journal of Pragmatics},
  volume={39},
  number={5},
  pages={1029--1035},
  year={2007},
  publisher={Elsevier}
}

@incollection{mikkelsen_2007,
  title={On so-called truncated clefts},
  author={Mikkelsen, Line},
  booktitle={Kopulaverben und Kopulas{\"a}tze: Intersprachliche und intrasprachliche Aspekte},
  volume={512},
  pages={47--68},
  year={2007},
  series={Linguistische Arbeiten},
  editor={Ljudmila Geist and Bj{\"o}rn Rothstein},
  publisher={De Gruyter}
}

@book{mitterer_stivers_2007,
  title={{Annual Report 2006}},
  author={Mitterer, Holger and Stivers, Tanya},
  year={2007},
  publisher={Max-Planck-Institute for Psycholinguistics},
  address={Nijmegen}
}

@article{onea_2020,
  title={{An Inquisitive Stroll in Commitment Spaces}},
  author={Onea, Edgar},
  journal={Theoretical Linguistics},
  volume={46},
  number={1--2},
  pages={103--111},
  year={2020},
  publisher={De Gruyter}
}

@incollection{onea_2019b,
  title={{Underneath Rhetorical Relations. The Case of Result}},
  author={Onea, Edgar},
  booktitle={Questions in Discourse},
  chapter={7},
  pages={194--250},
  year={2019},
  editor={Klaus von Heusinger and Edgar Onea and Malte Zimmermann},
  address={Leiden, Boston},
  publisher={Brill}
}

@incollection{onea_2019,
  title={{Exhaustivity in \textit{it}-clefts}},
  author={Onea, Edgar},
  booktitle={The Oxford Handbook of Experimental Semantics and Pragmatics},
  year={2019},
  publisher={Oxford University Press},
  address={Oxford},
  pages={401--417},
  editor={Chris Cummins and Napoleon Katsos}
}

@incollection{onea_zimmermann_2019,
  title={{Questions in Discourse: an Overview}},
  author={Onea, Edgar and Zimmermann, Malte},
  booktitle={Questions in Discourse},
  pages={5--117},
  year={2019},
  chapter={2},
  editor={Klaus von Heusinger and Edgar Onea and Malte Zimmermann},
  address={Leiden, Boston},
  publisher={Brill}
}

@article{onea_holler_2016,
  title={{Tempusmarkierung und temporale Relationen im Diskurs -- Ein erster experimenteller Zugang}},
  author={Onea, Edgar and Holler, Anke},
  journal={Linguistische Berichte},
  volume={2016},
  number={245},
  pages={25--56},
  year={2016},
  publisher={Helmut Buske Verlag}
}

@book{onea_2016,
  title={{Potential Questions at the Semantics-Pragmatics Interface}},
  author={Onea, Edgar},
  editor={Klaus von Heusinger and Ken Turner},
  series={{Current Research in the Semantics/Pragmatics Interface}},
  volume= {33},
  year={2016},
  publisher={Brill},
  address={Leiden, Boston}
}

@phdthesis{onea_2013,
  type={Habilitationsschrift},
  title={{Potential Questions in Discourse and Grammar}},
  author={Edgar Onea},
  school={Georg-August-Universit\"at G\"ottingen},
  year={2013}
} 

@inproceedings{onea_beaver_2009,
  title={Hungarian focus is not exhausted},
  author={Onea, Edgar and Beaver, David I.},
  booktitle={Proceedings of SALT},
  volume={19},
  pages={342--359},
  year={2009}
}

@article{partee_1984,
  title={Nominal and temporal anaphora},
  author={Partee, Barbara H.},
  journal={Linguistics and philosophy},
  pages={243--286},
  year={1984},
  publisher={JSTOR}
}

@book{paul_1880,
  author={Paul, Hermann},
  year={1880},
  title={{Prinzipien der Sprachgeschichte}},
  address={Leipzig},
  publisher={Niemeyer}
}  

@phdthesis{pavlovic_2019,
  type={{PhD thesis}},  
  title={{The Interpretation of it-Clefts}},
  author={Anna-Christina Pavlovi{\'c}},
  school={Georg-August-Universit{\"a}t G{\"o}ttingen},
  year={2019}
}

@inproceedings{percus_1997,
  title={{Prying Open the Cleft}},
  author={Percus, Orin},
  booktitle={Proceedings of NELS},
  volume={27},
  pages={337--352},
  year={1997},
  organization={University of Massachusetts}
}

@article{polanyi_1988,
  title={A formal model of the structure of discourse},
  author={Polanyi, Livia},
  journal={Journal of Pragmatics},
  volume={12},
  number={5-6},
  pages={601--638},
  year={1988},
  publisher={Elsevier}
}

@inproceedings{polanyi_1985,
  title={{A Theory of Discourse Structure and Discourse Coherence}},
  author={Polanyi, Livia},
  booktitle={Papers from the General Session at the 21st Regional Meeting of the Chicago Linguistics Society},
  volume={21},
  number={1},
  pages={306--322},
  year={1985},
  editor={P. D. Kroeber and W. H. Eilfort and K. L. Peterson}
}

@inproceedings{pollard_yasavul_2014,
  title={{Anaphoric \textit{it}-clefts: The myth of exhaustivity}},
  author={Carl Pollard and Murat Yasavul},
  booktitle={Proceedings of the Chicago Linguistic Society (CLS)},
  volume={50},
  number={1},
  pages={381--393},
  year={2014}
}

@article{prince_1998,
  title={{On the Limits of Syntax, with Reference to Topicalization and Left-Dislocation}},
  author={Prince, Ellen F.},
  journal={Syntax and Semantics: The Limits of Syntax},
  volume={29},
  year={1998},
  editor={P. Culicover and L. McNally},
  publisher={Academic Press},
  pages={281--302},
  address={New York}
}

@incollection{prince_1997,
  author={Prince, Ellen F.},
  title={{On the functions of left-dislocation in English discourse}},
  booktitle={Directions in Functional Linguistics},
  editor={Kamio, A.},
  pages={117--144},
  publisher={John Benjamins},
  address={Philadelphia},
  year={1997}
}

@article{prince_1978,
  title={A comparison of \textit{wh}-clefts and \textit{it}-clefts in discourse},
  author={Prince, Ellen F.},
  journal={Language},
  volume={54},
  number={4},
  pages={883--906},
  year={1978},
  publisher={JSTOR}
}

@article{reeve_2011,
  title={{The syntactic structure of English clefts}},
  author={Reeve, Matthew},
  journal={Lingua},
  volume={121},
  number={2},
  pages={142--171},
  year={2011},
  publisher={Elsevier}
}

@article{reichle_2014,
  title={Cleft type and focus structure processing in {F}rench},
  author={Reichle, Robert V},
  journal={Language, Cognition and Neuroscience},
  volume={29},
  number={1},
  pages={107--124},
  year={2014},
  publisher={Taylor \& Francis}
}

@article{reinhart_1981,
  title={{Pragmatics and Linguistics: An Analysis of Sentence Topics}},
  author={Reinhart, Tanya},
  journal={Philosophica},
  volume={27},
  number={1},
  pages={53--94},
  year={1981}
}

@article{reinhart_1995,
  title={Interface strategies},
  author={Reinhart, Tanya},
  journal={OTS working papers in linguistics},
  year={1995}
}

@article{repp_2010,
  title={Defining `contrast' as an information-structural notion in grammar},
  author={Repp, Sophie},
  journal={Lingua},
  volume={120},
  number={6},
  pages={1333--1345},
  year={2010},
  publisher={Elsevier}
}

@article{roberts_2012,
  title={{Information Structure in Discourse: Towards an Integrated Formal Theory of Pragmatics}},
  author={Roberts, Craige},
  journal={Semantics and Pragmatics},
  volume={5},
  Number = {6},
  pages={1--69},
  year={1996/2012},
  doi={http://dx.doi.org/10.3765/sp.5.60}
}

@incollection{roberts_2011,
  title={Topics},
  author={Roberts, Craige},
  booktitle={{Semantics. An International Handbook of Natural Language Meaning}},
  volume={33:2},
  pages={1908--1934},
  year={2011},
  address={Berlin, Boston},
  publisher={De Gruyter},
  chapter={72},
  editor={Claudia Maienborn and Klaus von Heusinger and Paul Portner}
}

@incollection{roberts_1996,
  title={{Information Structure: Towards an integrated formal theory of pragmatics}},
  author={Roberts, Craige},
  booktitle={The Ohio State University Working Papers in Linguistics},
  volume={49},
  pages={91--136},
  editor={Jae Hak Yoon and Andreas Kathol},
  year={1996}
}

@incollection{roelofsen_van_gool_2010,
author="Roelofsen, Floris and van Gool, Sam",
editor="Aloni, Maria and Bastiaanse, Harald and de Jager, Tikitu and Schulz, Katrin",
title={{Disjunctive Questions, Intonation, and Highlighting}},
booktitle="Logic, Language and Meaning",
year="2010",
publisher="Springer",
address="Berlin, Heidelberg",
pages="384--394"
}

@article{roland_et_al_2007,
  title={{Frequency of basic English grammatical structures: A corpus analysis}},
  author={Roland, Douglas and Dick, Frederic and Elman, Jeffrey L},
  journal={Journal of Memory and Language},
  volume={57},
  number={3},
  pages={348--379},
  year={2007},
  publisher={Elsevier}
}

@incollection{rooth_2009,
  title={{Second occurrence focus and Relativized Stress F}},
  author={Mats Rooth},
  booktitle={Information Structure: Theoretical, Typological, and Experimental Perspectives},
  editor={Zimmermann, Malte and F{\'e}ry, Caroline},
  year={2009},
  publisher={Oxford University Press},
  address={Oxford}
}

@article{rooth_1992,
  title={A theory of focus interpretation},
  author={Rooth, Mats},
  journal={Natural Language Semantics},
  volume={1},
  pages={75--116},
  year={1992},
  publisher={Springer},
  doi={https://doi.org/10.1007/BF02342617}
}

@phdthesis{rooth_1985,
  type={{PhD thesis}}, 
  title={{Association with Focus}},
  author={Rooth, Mats},
  year={1985},
  school={GLSA, University of Massachusetts}
}

@phdthesis{ross_1967,
  title={Constraints on variables in syntax},
  author={Ross, John Robert},
  year={1967},
  school={MIT},
  type={PhD thesis}
}

@article{russell_1957,
  title={{Mr.~Strawson on Referring}},
  author={Russell, Bertrand},
  journal={Mind},
  volume={66},
  number={263},
  pages={385--389},
  year={1957},
  publisher={JSTOR}
}

@article{russell_1905,
  title={{On Denoting}},
  author={Russell, Bertrand},
  journal={Mind},
  volume={14},
  number={56},
  pages={479--493},
  year={1905},
  publisher={JSTOR}
}

@article{schwarzschild_1999,
  title={{Givenness, AvoidF and other constraints on the placement of accent}},
  author={Schwarzschild, Roger},
  journal={Natural Language Semantics},
  volume={7},
  number={2},
  pages={141--177},
  year={1999},
  publisher={Springer}
}

@incollection{selkirk_1996,
  title={{Sentence prosody: Intonation, stress, and phrasing}},
  author={Selkirk, Elisabeth},
  booktitle={The Handbook of Phonological Theory},
  volume={1},
  pages={550--569},
  year={1996},
  publisher={Blackwell},
  address={Cambridge},
  editor={John A. Goldsmith}
}

@book{sendker_2012,
  title={Herzenh{\"o}ren},
  author={Jan-Philipp Sendker},
  year={2012},
  publisher={Heyne},
  address={M{\"u}nchen}
}

@book{sendker_2014,
  title={Herzenstimmen},
  author={Jan-Pilipp Sendker},
  year={2014},
  publisher={Heyne},
  address={M{\"u}nchen}
}

@book{seuren_1985,
  title={{Discourse Semantics}},
  author={Seuren, Pieter A. M.},
  year={1985},
  publisher={Basil Blackwell},
  address={Oxford, New York}
}

@phdthesis{sheil_2016,
  type={{PhD thesis}}, 
  title={{Scottish Gaelic Clefts: Syntax, Semantics and Pragmatics}},
  author={Sheil, Christine},
  year={2016},
  school={UC Berkeley}
}

@article{simons_et_al_2017,
author = {Mandy Simons and David I. Beaver and Craige Roberts and Judith Tonhauser},
title = {{The Best Question: Explaining the Projection Behavior of Factives}},
journal = {Discourse Processes},
volume = {54},
number = {3},
pages = {187--206},
year  = {2017},
publisher = {Routledge},
doi = {10.1080/0163853X.2016.1150660},

URL = { 
        https://doi.org/10.1080/0163853X.2016.1150660
    
},
eprint = { 
        https://doi.org/10.1080/0163853X.2016.1150660
    
}

}

@incollection{skopeteas_fanselow_2010,
  author       = {Skopeteas, Stavros and Fanselow, Gisbert},
  booktitle    = {Contrastive information structure},
  editor       = {Breul, Carsten and G\"obbel, Edward},
  pages        = {169--197},
  publisher    = {John Benjamins},
  title        = {Focus types and argument asymmetries: a cross-linguistic study in language production},
  year         = {2010},
  address        = {Amsterdam, Philadelphia}
}

@article{speyer_2007,
  title={{Die Bedeutung der Centering Theory f{\"u}r Fragen der Vorfeldbesetzung im Deutschen}},
  author={Speyer, Augustin},
  journal={Zeitschrift f{\"u}r Sprachwissenschaft},
  volume={26},
  number={1},
  pages={83--115},
  year={2007},
  publisher={De Gruyter}
}

@incollection{stalnaker_1976,
  title={Propositions},
  author={Stalnaker, Robert C.},
  booktitle={Issues in the Philosophy of Language},
  editor={A.F. MacKay and D. D. Merrill},
  publisher={Yale University Press},
  address={New Haven},
  pages={79--91},
  year={1976}
}

@incollection{stalnaker_1978,
  title={Assertion},
  author={Stalnaker, Robert C.},
  booktitle={Pragmatics},
  pages={315--332},
  year={1978},
  address = {Leiden},
  publisher={Brill}
}

@article{stalnaker_2002,
  title={{Common Ground}},
  author={Stalnaker, Robert C.},
  journal={Linguistics and Philosophy},
  volume={25},
  number={5/6},
  pages={701--721},
  year={2002},
  publisher={JSTOR}
}

@article{von_stechow_1991,
  title={{Focusing and Backgrounding Operators}},
  author="{\noopsort{Stechow}}{von Stechow}, Arnim",
  journal={Discourse particles: descriptive and theoretical investigations on the logical, syntactic and pragmatic properties of discourse particles in German},
  volume={6},
  pages={37--84},
  year={1991},
  publisher={John Benjamins},
  address={Amsterdam, Philadelphia}
}

@article{stenius_1967,
 author = {Erik Stenius},
 journal = {Synthese},
 number = {3},
 pages = {254--274},
 publisher = {Springer},
 title = {{Mood and Language-Game}},
 volume = {17},
 year = {1967}
}

@article{strawson_1950,
  title={{On Referring}},
  author={Strawson, Peter F.},
  journal={Mind},
  volume={59},
  number={235},
  pages={320--344},
  year={1950},
  publisher={JSTOR}
}

@article{sudhoff_2010,
  title={Focus particles and contrast in {G}erman},
  author={Sudhoff, Stefan},
  journal={Lingua},
  volume={120},
  number={6},
  pages={1458--1475},
  year={2010},
  publisher={Elsevier}
}

@article{szabo_2003,
  title={{Definite descriptions without uniqueness: A reply to Abbott}},
  author={Szab{\'o}, Zolt{\'a}n G.},
  volume={114},
  number={3},
  journal={Philosophical Studies},
  pages={279--291},
  year={2003},
  publisher={JSTOR}
}

@article{szabo_2000,
  title={{Descriptions and Uniqueness}},
  author={Szab{\'o}, Zolt{\'a}n G.},
  journal={Philosophical Studies: An International Journal for Philosophy in the Analytic Tradition},
  volume={101},
  number={1},
  pages={29--57},
  year={2000},
  publisher={JSTOR}
}

@incollection{szabolcsi_1981,
	editor = {Groenendijk, J. A. G. and Janssen, T. M. V. and Stokhof, M. B. J.},
	publisher = {Mathematisch Centrum},
	author = {Anna Szabolcsi},
	year = {1981},
	title = {{The Semantics of Topic-Focus Articulation}},
	pages = {513--540},
	booktitle = {Formal methods in the study of language},
	address   = {Amsterdam}
}

@article{szabolcsi_1994,
  title={{All quantifiers are not equal: The case of focus}},
  author={Szabolcsi, Anna},
  journal={Acta Linguistica Hungarica},
  volume={42},
  number={3/4},
  pages={171--187},
  year={1994},
  publisher={JSTOR}
}

@article{szendroi_1999,
  title={A stress-driven approach to the syntax of focus},
  author={Szendr{\H{o}}i, Kriszta},
  year={1999},
  journal={UCL Working Papers in Linguistics},
  volume={11},
  pages={545--573}
}

@book{ter_meulen_1995,
  title={{Representing Time in Natural Language: The Dynamic Interpretation of Tense and Aspect}},
  author={ter Meulen, Alice G. B.},
  year={1995},
  publisher={MIT Press}
}


@article{theiler_2020,
  title={\textit{Denn} as a highlighting-sensitive particle},
  author={Theiler, Nadine},
  journal={Linguistics and Philosophy},
  pages={1--40},
  year={2020},
  publisher={Springer}
}

@incollection{tonnis_et_al_2018,
  title={{Methodological Considerations on Testing Argument Asymmetry in German Cleft Sentences}},
  author={T{\"o}nnis, Swantje and Fricke, Lea M. and Schreiber, Alexander},
  booktitle={Grammar and Corpora 2016},
  editor={Eric Fu{\ss} and Marek Konopka and Beata Trawi{\'n}ski and Ulrich H. Wa{\ss}ner},
  publisher={Heidelberg University Publishing},
  pages={231--240},
  year={2018}
}

@inproceedings{tonnis_et_al_2016,
  title={Argument {A}symmetry in {G}erman {C}left {S}entences},
  author={T{\"o}nnis, Swantje and Fricke, Lea M. and Schreiber, Alexander},
  year={2016},
  editor = {Marisa K{\"o}llner and Ramon Ziai},
  booktitle={Proceedings of ESSLLI 2016 {S}tudent {S}ession},
  pages={208--218}
}


@phdthesis{tonnis_2021,
title={{German \textit{es}-Clefts in Discourse. A Question-Based Analysis Involving Expectedness}},
author={Swantje T\"onnis},
school={Graz University},
type={{PhD thesis}},
year={2021}
}

@inproceedings{tonnis_2020,
  title={{It Is Not the Obvious Question That a Cleft Addresses}},
  author={T{\"o}nnis, Swantje},
  year={to appear},
  editor = {Ayb{\"u}ke {\"O}zg{\"u}n and Alex Simpson and Yulia Zinova},
  booktitle={Proceedings of TbiLLC 2019}
}

@inproceedings{tonnis_2018,
  title={{Investigating the Distribution of Clefts in Written and Spoken German: The Role of Prosody}},
  author={T{\"o}nnis, Swantje},
  year={2018},
  note={Talk presented at the 40$^{th}$ Annual DGfS Meeting. Stuttgart.}
}

@inproceedings{tonhauser_2012,
  title={Diagnosing (not-)at-issue content},
  author={Tonhauser, Judith},
  booktitle={Proceedings of Semantics of Under-represented Languages of the Americas (SULA)},
  volume={6},
  pages={239--254},
  year={2012}
}

@article{tuller_1992,
  title={{The syntax of postverbal focus constructions in Chadic}},
  author={Tuller, Laurice},
  journal={Natural Language \& Linguistic Theory},
  volume={10},
  number={2},
  pages={303--334},
  year={1992},
  publisher={Springer}
}

@phdthesis{uegaki_2015,
  title={{Interpreting Questions under Attitudes}},
  type={{PhD thesis}},
  author={Uegaki, Wataru},
  year={2015},
  school={MIT}
}

@article{umbach_2005,
  title={{Contrast and information structure: A focus-based analysis of \textit{but}}},
  author={Umbach, Carla},
  journal={Linguistics},
  volume={43},
  number={1},
  pages={207--232},
  year={2005},
  publisher={De Gruyter}
}

@article{van_der_sandt_1992,
  title={{Presupposition Projection as Anaphora Resolution}},
  author={van der Sandt, Rob A.},
  journal={Journal of Semantics},
  volume={9},
  number={4},
  pages={333--377},
  year={1992},
  publisher={Oxford University Press}
}

@incollection{van_der_sandt_geurts_1991,
  title={{Presupposition, Anaphora, and Lexical Content}},
  author={van der Sandt, Rob A. and Geurts, Bart},
  booktitle={Text understanding in LILOG.  Lecture Notes in Computer Science (Lecture Notes in Artificial Intelligence)},
  editor={Herzog, O. and Rollinger, C.},
  pages={259--296},
  year={1991},
  volume={546},
  address={Berlin, Heidelberg},
  publisher={Springer}
}

@inproceedings{velleman_et_al_2012,
  title={\textit{It}-clefts are {IT} (inquiry terminating) constructions},
  author={Velleman, Leah and Beaver, David I. and Destruel, Emilie and Bumford, Dylan and Onea, Edgar and Coppock, Liz},
  booktitle={Proceedings of SALT},
  volume={22},
  pages={441--460},
  year={2012}
}

@incollection {washburn_et_al_2019,
      author = "Mary {Byram Washburn} and Elsi Kaiser and Maria Luisa Zubizarreta",
      title = {{The English \textit{It}-Cleft: No Need to Get Exhausted}},
      booktitle = "Questions in Discourse",
      year = "2019",
      publisher = "Brill",
      editor={Klaus von Heusinger and Edgar Onea and Malte Zimmermann},
      address = "Leiden, Boston",
      isbn = "9789004378308",
      doi = "https://doi.org/10.1163/9789004378308_006",
      pages=      "198--236"
}

@article{wedgwood_et_al_2006,
  title={{Hungarian `focus position' and English \textit{it}-clefts: the semantic underspecification of `focus' readings}},
  author={Wedgwood, Daniel and Peth{\H{o}}, Gergely and Cann, Ronnie},
  address={University of Edinburgh},
  year={2006}
}

@inproceedings{westera_rohde_2019,
title={{Asking between the lines: Elicitation of evoked questions in text}},
author={Matthijs Westera and Hannah Rohde},
pages={397--406},
booktitle={{Proceedings of the 22$^{nd}$ Amsterdam Colloquium}},
year={2019}
}

@article{whorf_1945,
  title={{Grammatical Categories}},
  author={Whorf, Benjamin Lee},
  journal={Language},
  pages={1--11},
  volume={21},
  number={1},
  year={1945},
  publisher={JSTOR}
}

@article{whorf_1938,
  title={{Some Verbal Categories of Hopi}},
  author={Whorf, Benjamin Lee},
  journal={Language},
  volume={14},
  number={4},
  pages={275--286},
  year={1938},
  publisher={JSTOR}
}

@inproceedings{xue_onea_2011,
  title={{Correlation between Presupposition Projection and At-issueness: An Empirical Study}},
  author={Xue, Jingyang and Onea, Edgar},
  booktitle={Proceedings of the ESSLLI 2011 workshop on projective meaning},
  pages={171--184},
  year={2011}
}

@inproceedings{zimmermann_2007,
  title={{Quantifying question particles in German: Syntactic effects on interpretation}},
  author={Zimmermann, Malte},
  booktitle={Proceedings of Sinn und Bedeutung},
  volume={11},
  pages={627--641},
  year={2007}
}

@article{zimmermann_2008,
  title={Contrastive focus and emphasis},
  author={Zimmermann, Malte},
  journal={Acta Linguistica Hungarica},
  volume={55},
  number={3-4},
  pages={347--360},
  year={2008},
  publisher={Akad{\'e}miai Kiad{\'o}}
}

@article{zimmermann_2011b,
  title={{The grammatical expression of focus in West Chadic: Variation and uniformity in and across languages}},
  author={Zimmermann, Malte},
  journal={Linguistics},
  volume={49},
  number={5},
  pages={1163--1213},
  year={2011},
  publisher={De Gruyter}
}

@incollection{zimmermann_2011,
  title={{Discourse Particles}},
  author={Zimmermann, Malte},
  booktitle={{Semantics. An International Handbook of Natural Language Meaning}},
  volume={2},
  Number = {v. 2, 33.2},
  pages={2011--2038},
  year={2011},
  chapter={76},
  editors={Klaus von Heusinger and Claudia Maienborn and Paul Portner},
  publisher={De Gruyter},
  address={Berlin}
}

@incollection{zimmermann_et_al_2020,
  title={{(Non-)exhaustivity in focus partitioning across languages}},
  author={Zimmermann, Malte and De Veaugh-Geiss, Joseph P. and T{\"o}nnis, Swantje and Onea, Edgar},
  booktitle={Approaches to Hungarian},
  pages={208--230},
  year={2020},
  editor={Heged\H{u}s, V. and Vogel, I.},
  volume={16: Papers from the 2017 Budapest Conference},
  publisher={John Benjamins},
  address={Amsterdam, Philadelphia}
}